1833 2747
787 320 1023 345 -ις-

218 405 333 439 mines·
356 414 427 438 non
453 407 492 436 ut
512 399 652 435 incolae
678 406 784 447 aeque
805 399 1040 442 habitatores,
1075 399 1143 434 sed
1166 399 1271 447 quas-i
1293 404 1516 445 spectatores
1540 409 1597 433 sn·

215 473 383 506 perat-um
407 470 527 493 reram
553 465 659 504 atque
688 457 911 500 caelestium,
948 469 1099 505 quarum
1123 457 1368 501 spectaculum
1392 458 1442 492 ad
1462 456 1596 492 nullum

215 519 313 552 aliud
330 527 446 562 genus·
468 515 699 548 emanantium
724 515 887 559 pertinet.
912 513 945 553 *J

308 630 438 661 Nomen
462 633 570 659 autem
594 626 801 659 humanitatis
827 629 879 665 (ut
892 649 902 667 ‚
936 626 1027 659 unde
1048 628 1115 659 huc
1139 627 1285 670 digressa
1307 633 1379 668 est,
1413 627 1537 660 referat
1559 637 1595 659 se

216 687 334 722 oratio)
359 696 425 716 non
449 685 555 716 solum
583 690 670 717 artes
703 695 728 716 s.
754 684 920 717 doctrinas
950 685 1102 717 liberales
1115 708 1126 726 ‚
1157 685 1216 718 sed
1249 685 1348 719 etism
1372 685 1594 718 eruditionem

367 849 469 871 natum
483 852 547 871 esse
563 842 727 879 putaverim
743 851 758 870 e
773 843 915 881 scriptura
934 847 1031 872 terrae
1049 843 1083 879 (i.
1098 853 1125 873 e.
1137 847 1216 872 term
1233 842 1431 881 superscripto
1449 843 1497 878 e);
1516 842 1595 880 quod

370 902 463 931 quum
477 891 588 920 librarii
605 901 664 919 non
679 891 895 931 intelligerent,
915 892 971 922 litt.
991 903 1006 922 e
1019 894 1084 923 voci
1098 898 1178 923 terra
1194 896 1427 932 praeposuerunt
1437 912 1447 927 ‚
1466 895 1500 919 ut
1513 890 1591 919 exsi-

371 947 461 970 steret
473 941 615 977 scriptura
628 951 642 968 c
658 945 753 975 ίαν-νας
774 943 853 978 quod
868 942 973 970 deinde
990 943 1051 971 abit
1066 943 1097 971 in
1118 954 1156 972 ex
1175 948 1254 972 terra
1266 948 1295 972 et
1310 946 1396 971 extra
1409 945 1535 976 tert-mm
1554 941 1595 970 ita

371 991 450 1019 enim
470 990 501 1018 in
521 989 604 1018 libris
625 990 774 1018 nonnullis
794 991 935 1029 scriptum
955 992 1111 1029 reperitur.
1138 992 1285 1030 Equidem
1304 991 1395 1029 igitur
1414 996 1515 1019 auctor
1536 990 1593 1018 sim

364 1046 397 1069 ut
406 1039 562 1069 scribatur:
583 1039 656 1068 Sunt
676 1039 752 1069 enim
771 1045 866 1071 terrae
885 1040 1013 1071 homines
1031 1052 1091 1071 non
1110 1046 1142 1071 ut
1161 1041 1274 1071 incolae
1293 1045 1380 1081 atque
1402 1038 1591 1073 habitatores,

364 1090 414 1120 sed
432 1090 516 1131 quasi
533 1094 701 1131 spectatores
720 1101 896 1131 superarum
915 1101 1015 1121 rerum
1033 1095 1121 1131 atqu«
1140 1092 1315 1128 caelestium,
1335 1092 1367 1121 h.
1380 1100 1405 1121 e.
1421 1096 1491 1120 sunt
1510 1091 1589 1120 enim

363 1143 496 1171 homines
526 1148 622 1171 terrae
642 1143 755 1171 incolae
781 1148 869 1181 atque
898 1143 1092 1179 habitatores,
1124 1153 1185 1172 non
1205 1149 1239 1172 ut
1258 1143 1372 1172 incolae
1390 1148 1506 1172 tantum
1527 1142 1591 1171 eius

364 1192 422 1221 sint
440 1198 526 1230 atque
545 1192 732 1227 habitatores,
755 1193 808 1221 sed
827 1198 884 1221 cet.
903 1194 949 1221 Ad
967 1203 995 1221 v.
1015 1197 1110 1221 turae
1127 1193 1217 1221 verba
1236 1192 1348 1221 incolae
1366 1198 1396 1222 et
1414 1192 1590 1221 habitatam

365 1251 381 1270 e
400 1243 586 1280 sequentibus
619 1241 745 1279 petenda
772 1246 864 1277 sunt,
896 1242 1146 1280 quemadmodum
1172 1242 1309 1278 nomina,
1340 1252 1415 1281 quae
1442 1242 1587 1278 dicuntur,

363 1291 543 1320 substantiva
569 1300 780 1329 saepenumero
803 1292 896 1320 semel
915 1297 1080 1330 ponuntur,
1110 1292 1163 1321 ubi
1180 1292 1226 1321 bis
1252 1293 1388 1330 ponenda
1420 1297 1519 1327 erant,
1550 1293 1591 1320 ita

363 1345 396 1368 ut
415 1341 539 1369 alterum
561 1342 609 1370 vel
629 1351 645 1370 e
663 1341 843 1380 praegressis
863 1342 911 1370 vel
932 1351 948 1370 e
969 1341 1158 1380 sequentibus
1183 1341 1245 1380 peti
1271 1346 1412 1379 oporteat.
1453 1341 1502 1370 Sic
1523 1342 1588 1370 Cic.

365 1390 400 1418 de
420 1391 491 1419 offic.
502 1391 562 1426 111,
584 1400 619 1420 2:
640 1397 782 1430 quantum
801 1390 901 1419 labore
921 1391 1114 1426 contendere3
1132 1391 1158 1420 si
1177 1391 1305 1420 discendi
1323 1389 1409 1419 labor
1428 1395 1467 1418 est
1484 1391 1587 1429 potius,

363 1451 452 1480 quam
470 1441 612 1481 voluptas.
651 1442 718 1472 Vid.
737 1442 780 1470 ibi
798 1442 940 1481 Heusing.
962 1447 991 1472 et
1011 1441 1124 1471 Gemh.

287 1513 317 1549 ⁶)
355 1512 415 1541 Ubi
435 1522 462 1541 v·
476 1513 576 1543 navis.
591 1513 637 1543 Cf.
658 1514 785 1542 eximius
805 1515 953 1544 Pnnoms
971 1514 1054 1543 locus
1074 1514 1153 1544 Tim.
1174 1524 1220 1552 9⁰·
1241 1515 1274 1543 A.
1294 1514 1329 1543 Β.
1352 1515 1451 1543 exon.
1472 1513 1507 1541 de
1526 1513 1585 1552 leg.

361 1564 393 1596 1,
413 1573 440 1601 9.
462 1563 607 1593 Sumusr.
626 1564 693 1593 bell.
709 1565 794 1593 Catil.
811 1565 833 1592 1.
854 1565 906 1593 ubi
924 1575 954 1593 v.
966 1566 1046 1594 Cort.
1062 1565 1152 1594 Ovm.
1168 1566 1294 1593 Metam.
1315 1565 1345 1600 1,
1366 1568 1413 1598 84.
1434 1564 1584 1592 Iac-nur.

363 1612 420 1640 div.
451 1612 540 1641 instit.
561 1614 611 1649 11,
647 1624 670 1643 1.
694 1615 739 1643 16.
766 1614 818 1642 ubi
845 1624 874 1642 v.
902 1615 1031 1650 Betulej.
1059 1615 1095 1643 de
1124 1614 1194 1652 opis.
1222 1614 1270 1642 dei
1289 1623 1315 1642 c.
1336 1618 1365 1644 8.
1386 1614 1414 1646 §.
1436 1622 1462 1641 2.
1503 1614 1584 1642 Adde

363 1661 477 1691 somn.
497 1663 639 1692 Thesaur.
660 1664 729 1693 eccl.
750 1665 785 1693 Τ.
806 1665 829 1693 Ι.
851 1674 879 1703 p.
896 1670 962 1696 350.
982 1666 1192 1694 Emmnons-r.
1213 1664 1250 1693 ad
1263 1663 1377 1692 Minue.
1398 1663 1459 1692 Fel.
1481 1663 1581 1692 Octav.

361 1721 389 1747 p.
415 1714 477 1740 126.
499 1718 528 1740 et
546 1714 682 1742 unum
702 1715 795 1743 nostri
813 1715 988 1743 immortalis
1008 1716 1136 1750 librum,
1158 1714 1210 1752 qui
1229 1719 1273 1742 est
1291 1713 1462 1750 inscriptus:
1492 1714 1582 1742 Ideen

363 1769 392 1787 z.
411 1760 520 1788 Philos.
541 1762 570 1789 d.
591 1762 696 1790 Gesch.
719 1763 746 1791 d.
768 1764 924 1792 Menschh.
962 1765 998 1792 Τ.
1018 1765 1041 1792 Ι.
1062 1774 1091 1802 p.
1113 1773 1179 1801 2¹9·
1201 1773 1243 1801 sq.
1272 1763 1391 1791 Etenim
1412 1762 1518 1790 Graeci
1537 1763 1582 1790 in-

361 1809 479 1847 geniose
503 1810 637 1840 ludentes
668 1822 770 1841 vocem
790 1811 961 1852 ἄνθρωπος
979 1823 997 1842 a
1016 1814 1106 1842 verbo
1126 1811 1279 1852 a’vaSpsiv
1298 1813 1346 1841 vel
1365 1810 1435 1842 ἅνω
1454 1810 1581 1850 ἀθρεῖν,

362 1867 480 1886 sursum
500 1865 628 1896 spectare
648 1871 673 1890 s.
694 1862 850 1899 suspicere,
872 1863 991 1897 ducunt,
1012 1869 1046 1892 ut
1065 1865 1165 1893 ΡιΛτο
1176 1863 1284 1900 Cratyl.
1308 1869 1373 1900 399.
1396 1864 1428 1891 C.
1453 1862 1489 1890 cf.
1510 1863 1581 1899 Ety-

360 1908 431 1936 mol.
452 1910 496 1938 Μ.
516 1919 544 1947 p.
565 1921 614 1948 99.
636 1913 672 1940 ed
692 1913 791 1940 Sturz.
819 1912 860 1941 ib.
882 1913 1021 1951 Sylburg.
1041 1923 1072 1951 p.
1094 1914 1161 1949 762.
1191 1913 1270 1942 Gud.
1290 1923 1321 1951 p.
1343 1917 1391 1945 58,
1411 1922 1440 1950 9.
1473 1912 1580 1941 Orion.

361 1959 456 1987 Theb.
475 1961 604 1997 Etymol.
625 1972 654 2000 p.
676 1963 719 1996 16,
745 1973 791 1991 ιι.
810 1963 954 1991 Wxnnnr.
975 1963 1012 1991 ad
1033 1963 1296 2000 Galen.·1³rotrept.
1317 1972 1347 2000 p.
1365 1963 1400 1993 63
1422 1971 1465 2000 sq.
1489 1962 1576 2001 Quod

361 2010 479 2046 quidem
499 2013 654 2050 scriptores
673 2012 766 2047 latini,
785 2022 993 2051 usquequaque
1012 2014 1172 2051 pendentes
1189 2022 1205 2042 e
1217 2012 1348 2046 Graecis,
1369 2012 1484 2049 sequuti
1502 2017 1579 2040 sunt.
