1833 2747
800 288 1036 318 ...14-

230 378 396 420 copulatas
419 382 489 408 arte
506 375 698 414 divelleret,
722 384 789 406 non
815 385 906 415 eam,
931 386 1015 418 quae
1039 381 1185 409 mentem
1209 376 1343 419 quidem
1358 377 1499 410 scientiis
1522 388 1610 410 com-

228 437 353 478 pleret,
377 434 524 466 animum
547 443 628 465 vero
652 443 690 465 ac
714 444 823 465 mores
847 434 955 473 feros,
991 434 1153 466 barbaros
1175 440 1210 467 et
1231 435 1275 467 ab
1298 436 1392 467 omni
1415 436 1514 475 boni,
1551 438 1609 468 ho—

232 493 314 524 nesti
337 497 369 523 et
391 491 521 532 pulchri
544 500 643 522 sensu
668 492 790 523 alienos
820 502 889 524 esse
913 492 1054 532 sineret,
1077 491 1135 523 sed
1158 492 1265 532 hanc,
1300 503 1386 535 quae
1410 493 1581 525 hominem
1598 517 1608 534 ,

231 549 336 593 quoad
362 549 431 580 eius
454 548 527 580 fieri
551 554 681 590 posset,
707 549 894 583 ahsolutum
916 560 954 582 ac
977 549 1162 593 perfectum
1185 549 1336 583 efficeret.
1369 551 1519 592 Etenim,
1543 561 1607 594 pro

227 609 337 640 dolor!
362 607 608 649 perversissima
632 608 839 649 percrebruit
863 608 993 650 opinio,
1017 608 1228 640 humanitatis
1251 608 1397 640 studium
1432 608 1513 640 nihil
1536 619 1607 640 esse

226 667 286 699 nisi
308 666 534 709 prolusionem
559 666 727 709 quandam
751 670 849 708 atque
872 666 1160 707 praeparationem
1184 665 1227 697 acl
1250 666 1402 708 specialia
1415 689 1425 706 ,
1452 676 1537 708 quae
1561 667 1606 698 di-

227 730 323 764 eunt,
346 723 469 764 studia,
495 729 527 756 et
550 725 652 763 haec,
690 723 811 765 quippe
836 733 921 764 quae
945 728 1035 754 recta
1058 733 1098 754 eo
1122 722 1261 763 ducant,
1291 728 1329 755 ut
1358 723 1481 755 habeas
1516 724 1605 756 unde

225 782 336 822 vivas,
359 792 437 813 vere
461 781 647 813 academica
671 791 739 812 esse
764 780 887 821 studia3
925 791 1010 822 quae
1047 780 1182 822 quidem
1206 781 1319 823 opinio
1354 786 1477 823 quanto
1502 792 1604 824 opere

225 845 293 872 tam
315 845 466 872 veterum
489 840 690 878 sententiae,
727 849 826 880 quam
860 838 921 880 ipsi
946 847 1064 870 rerum·
1084 843 1220 871 naturae
1245 844 1409 881 repugnet
1428 862 1438 879 ,
1472 850 1514 871 ex
1537 840 1576 871 iis
1594 864 1603 880 ,

226 907 309 939 quae
333 906 432 939 supra
456 897 644 939 posuimus,
672 896 764 927 facile
790 902 837 928 cst
860 895 902 927 ad
925 895 1182 937 intelligendum.

319 989 470 1020 Studium
493 988 645 1019 videlicet
668 988 851 1019 litterarum
869 988 1093 1019 communium
1117 988 1374 1030 (philosophiae,
1399 989 1604 1020 mathemati·

227 1056 302 1086 cae,
326 1046 479 1088 physicae
507 1045 622 1077 latiore
647 1055 761 1085 sensu,
784 1045 949 1085 historiae,
974 1046 1169 1089 philologiae
1194 1051 1226 1078 et
1250 1046 1369 1079 artium
1394 1046 1598 1088 disciplinae)

228 1108 295 1134 tam
316 1103 459 1134 liberum
489 1108 561 1141 est,
592 1108 660 1133 tam
686 1103 888 1144 ingenuum,
919 1109 986 1134 tam
1013 1114 1060 1134 .ex
1090 1109 1192 1135 semet
1214 1104 1286 1145 ipso
1311 1109 1425 1145 aptum
1443 1127 1452 1143 ,
1488 1110 1524 1135 ut
1548 1105 1602 1135 alii

225 1160 305 1191 nulli
328 1160 381 1192 vel
405 1159 593 1202 disciplinae
617 1160 670 1191 vel
697 1160 759 1191 arti
779 1160 969 1192 servitutem
994 1161 1095 1192 ullam
1122 1160 1241 1192 serviat
1256 1184 1265 1201 ,
1289 1161 1347 1192 sed
1374 1161 1482 1203 potius
1513 1172 1601 1193 com-

230 1219 338 1249 munis
362 1217 434 1249 fons
459 1218 518 1257 sit,
543 1227 561 1248 e
583 1227 649 1258 quo
677 1218 824 1258 reliquae
849 1218 1037 1259 disciplinae
1069 1223 1101 1249 ct
1127 1224 1212 1249 artes
1236 1219 1270 1249 id
1293 1219 1402 1259 ipsum
1424 1219 1601 1258 hauriunt,

227 1275 318 1317 quod
340 1285 434 1307 veras
457 1284 511 1305 eas
529 1274 638 1304 reddit
658 1274 840 1315 disciplinas
860 1280 891 1305 et
913 1280 1013 1305 artes:
1040 1276 1158 1306 clatum
1179 1275 1272 1305 illum
1290 1276 1436 1307 animum
1465 1287 1601 1319 genero-

225 1343 364 1375 sumque
391 1332 565 1374 spiritum,
599 1332 677 1373 qui,
708 1332 888 1373 despiciens
912 1342 963 1362 res
987 1342 1024 1362 ac
1050 1342 1112 1373 pro
1141 1332 1243 1363 nihilo
1272 1333 1419 1373 habens,
1447 1343 1527 1375 quas
1545 1335 1602 1365 ho-

223 1390 328 1421 mines
355 1394 521 1421 sectantur
544 1388 670 1429 pusilli,
695 1398 809 1419 omnes
833 1398 905 1419 suas
932 1389 1141 1430 cogitationes
1158 1390 1191 1420 in
1212 1400 1271 1429 ea,
1296 1401 1380 1431 quae
1403 1401 1502 1430 vera,
1534 1402 1603 1422 rec-

223 1453 279 1486 ta,
307 1446 398 1478 bona
426 1451 458 1477 et
480 1446 618 1476 honesta
641 1450 741 1484 sunt,
769 1445 896 1477 confert
919 1447 1125 1487 cogitatuque
1148 1456 1204 1485 ea,
1230 1456 1295 1487 qua
1317 1458 1379 1488 par
1403 1453 1468 1487 est,
1494 1449 1601 1480 studet

222 1504 377 1545 dignitate
412 1503 466 1535 vel
494 1501 603 1543 eloqui
633 1503 686 1533 vel
716 1502 885 1543 perficere.
946 1503 1007 1533 Hic
1041 1503 1141 1544 igitur
1169 1498 1299 1544 spiritus
1329 1514 1523 1545 germanum
1554 1512 1601 1537 est

223 1562 421 1605 principium
444 1560 540 1593 vivae
557 1565 590 1591 et
613 1559 782 1591 doctrinae
806 1565 837 1591 et
862 1560 937 1591 artis
951 1583 960 1599 ,
984 1570 1050 1601 quo
1075 1560 1232 1591 exstincto
1245 1584 1254 1600 ,
1287 1561 1443 1602 quicquid
1467 1562 1600 1593 addisci-

220 1631 294 1652 mus
319 1626 375 1652 aut
398 1613 576 1659 docemus,
599 1627 707 1658 neque
733 1617 879 1648 doctrina
904 1627 1011 1657 neque
1038 1626 1090 1647 ars
1115 1623 1185 1656 est,
1209 1618 1266 1648 sed
1288 1619 1476 1650 exercitatio
1502 1630 1599 1660 quae-

220 1678 298 1711 dam
321 1688 359 1710 ac
381 1677 498 1720 peritia
525 1676 659 1708 rationis
683 1680 715 1708 et
738 1675 950 1708 humanitatis
977 1684 1114 1716 expers,
1139 1685 1238 1717 quam
1261 1676 1365 1709 Ρωτο
1390 1683 1486 1709 vocat
1510 1676 1598 1711 ἄλο·

216 1747 282 1784 γον
304 1733 436 1782 τριβήν
460 1741 491 1767 et
516 1731 707 1779 ἐμπειρίαν.

316 1817 379 1848 Hic
397 1826 495 1857 ergo,
522 1815 635 1853 Cives,
660 1812 846 1844 studiorum
869 1813 1060 1844 vestrorum
1073 1812 1145 1844 finis
1170 1818 1256 1854 esto,
1281 1825 1380 1855 quem
1408 1822 1595 1858 utassequa-

218 1874 298 1905 mini
324 1883 392 1916 quo
409 1872 591 1904 contentius
621 1870 846 1909 elaborabitis,
864 1880 903 1901 eo
926 1871 1028 1912 magis
1046 1871 1277 1912 sapientissima
1302 1869 1427 1903 REGIS
1452 1880 1595 1905 NOSTRI

222 1930 558 1971 GENEROSISSIMI,
575 1930 609 1961 in
624 1940 690 1971 quo
703 1929 774 1970 ipso
790 1928 1082 1968 splendidissimum
1095 1929 1300 1960 humanitatis
1312 1931 1498 1971 exemplum
1519 1941 1593 1963 con-

219 1990 356 2033 spicitis,
381 1989 515 2021 consilia
527 1989 569 2021 ad
582 1993 727 2030 optatum
745 1985 908 2018 adducetis
925 1986 1065 2026 exitum,
1085 1987 1232 2018 omnium
1247 1986 1411 2018 bonorum
1425 1987 1593 2020 desideriis
