1833 2747
829 293 1037 326 -9-

246 370 358 415 igitur
378 370 493 405 cultus
512 370 662 406 dicimus
681 372 718 406 in
737 378 839 406 reeca
857 371 1066 407 educatione
1077 383 1173 416 esse,
1191 374 1445 421 quaeludentis
1459 375 1616 409 animum

244 428 281 461 in
297 439 457 462 amorem
468 439 574 476 quam
588 429 747 463 maxime
763 428 840 462 elus
857 429 1013 463 adducat
1026 430 1123 478 quod
1137 432 1283 478 assequi
1290 442 1373 465 eum
1388 437 1561 477 oporteat,
1577 438 1617 465 ut

243 485 299 518 vir
309 486 461 519 exszstat
474 487 511 524 in
528 488 646 531 operis
660 488 721 521 sui
732 488 860 521 virtute
870 486 1069 534 perfectus.
1096 491 1145 522 Cf.
1163 492 1200 522 11.
1215 492 1291 523 658.
1305 491 1343 522 Β.
1361 492 1398 522 C.
1416 491 1494 531 659.
1519 491 1560 521 D.
1573 490 1614 521 nl.

241 545 406 586 Egregius
423 551 473 577 est
496 556 628 587 quoque
645 548 853 579 Auis-:ornus
867 548 960 579 locus
982 549 1077 580 Polit.
1089 550 1182 588 VIII,
1200 559 1217 580 2
1228 561 1237 579 ε
1260 545 1446 585 βάναυσον
1462 544 1493 580 δ’
1509 546 1617 592 ἔργον

240 594 327 634 εἶναι
352 597 404 634 δεῖ
426 598 533 634 τοῦτο
556 601 710 641 νομίζειν
737 601 796 637 καὶ
816 601 948 650 *ts'xmyv
970 603 1104 650 ταύτην
1124 603 1184 639 καὶ
1205 603 1385 649 μάθησιν,
1409 604 1493 638 ὅσαι
1523 602 1615 650 πρός

240 657 299 698 τα“ς
323 655 468 705 χρήσεις
492 657 552 692 καὶ
577 659 636 700 τας
661 657 802 706 πράξεις
830 660 890 703 τα“ς
922 660 981 708 τῆς
1014 661 1136 709 α’ρετῆς
1167 661 1362 709 ἄχρηστον
1389 658 1612 707 α’περγάέον-

238 725 297 747 ται
325 715 367 748 τὸ
393 714 501 756 σῶμα
532 714 603 749 τῶν
630 715 824 764 ἐλευθέρων
848 716 875 765 ἤ
901 718 969 765 τήν
994 719 1121 766 ψυχήν
1145 718 1171 766 ἤ
1191 720 1258 765 τήν
1281 716 1451 753 διάνοιαν.
1479 715 1535 750 bui
1554 716 1616 759 τάς

237 783 274 805 τε
296 771 457 814 τοιαύτας
482 771 624 815 τέχνας,
663 774 748 808 ὅσαι
772 775 814 808 τό
841 775 949 817 σῶμα
982 776 1296 824 παρασκευάζουσι
1323 781 1452 823 χεῖρον
1486 772 1613 807 διακεῖ-

238 828 344 868 σθαι,
366 828 565 872 βαναύσους
588 830 786 873 καλοῦμεν,
813 831 872 867 καὶ
897 833 957 875 τᾰς
970 833 1203 882 μισθαρνικάς
1226 831 1389 880 ἐργασίας
1405 842 1414 851 ·
1435 829 1612 875 ἄσχολον

237 888 307 934 γάρ
330 888 473 922 ποιοῦσι
496 889 561 934 τήν
588 887 746 923 διάνοιαν
760 889 820 924 καὶ
844 890 1031 937 ταπεινήν,
1056 893 1076 924 i.
1101 903 1149 932 e.,
1172 891 1353 924 sordidum
1376 896 1495 922 autem
1519 899 1610 933 opus

236 949 271 978 et
294 950 408 978 artem
430 951 466 979 et
480 945 699 989 disciplinam
715 947 917 982 existzmari
936 946 1089 992 oportet,
1113 957 1355 993 quaecumque
1376 946 1428 979 ad
1439 956 1528 979 usus
1546 956 1605 978 ae-

235 1002 415 1048 tionesque
434 1002 571 1036 vti-tutis
596 1003 735 1038 itzutzles
750 1004 902 1039 reddunt
924 1004 1113 1039 liberorum
1132 1014 1263 1049 eorpus
1286 1003 1344 1036 vel
1371 1003 1530 1036 animum
1550 1002 1608 1035 cel

235 1066 395 1094 mentem.
429 1061 612 1107 Quocirca
625 1061 827 1095 luuusmodi
840 1068 956 1104 artes,
983 1072 1073 1107 quae
1101 1072 1231 1105 eorpus
1251 1061 1426 1094 deteriore
1446 1058 1606 1106 qffi'eiunt

235 1118 449 1161 conditione,
473 1119 783 1165 mercenariasque
797 1130 925 1166 operas
943 1120 1159 1165 appellamus
1191 1119 1356 1152 sordidos
1366 1130 1381 1162 ,-
1406 1120 1606 1162 occupatio-

233 1175 335 1209 nibus
350 1176 443 1208 enim
464 1176 628 1209 distinent
649 1182 801 1210 mentem
825 1178 1042 1223 redduntque
1058 1177 1241 1210 abiectam.
1267 1177 1305 1208 Id
1320 1188 1348 1208 c.
1368 1179 1409 1208 3:
1435 1175 1477 1208 τὸ
1495 1173 1529 1207 ὁὶ
1546 1176 1605 1220 ξη-

233 1239 299 1266 τεῐν
324 1233 520 1275 πανταχοῦ
544 1234 585 1266 τὸ
603 1233 789 1279 χρήσιμον
813 1235 940 1280 ἤκιστα
968 1233 1135 1281 ἁρμόττει
1159 1240 1228 1274 τοῖς
1248 1232 1518 1279 μεγαλοψύχοις
1547 1232 1607 1266 καὶ

232 1296 299 1332 τοῖς
326 1288 541 1339 ἑλευὸέροιςε
576 1290 702 1336 ubique
719 1297 837 1325 autem
856 1291 1036 1325 utilitatem
1065 1302 1236 1338 quaerere
1258 1291 1400 1325 minime
1436 1290 1601 1323 convenit

231 1349 350 1381 animo
365 1359 500 1393 magno
515 1359 561 1381 ae
578 1348 697 1382 libero.
732 1351 886 1392 Longum
911 1356 959 1382 cst
982 1351 1146 1392 reliquos,
1172 1350 1228 1391 qui
1252 1351 1316 1381 huc
1339 1349 1530 1391 pertinent,
1554 1349 1601 1379 lo-

232 1417 286 1439 cos
310 1417 522 1447 enumerat-«³3
553 1406 704 1449 quocirca
727 1407 801 1438 satis
830 1407 892 1439 erit
914 1417 1067 1447 monere,
1090 1412 1195 1438 totum
1218 1407 1341 1437 librum
1363 1411 1517 1438 octavum
1540 1404 1602 1435 Po-

232 1463 394 1495 liticorum
417 1463 594 1496 Aristotelis
620 1463 844 1506 dignissimum
868 1473 952 1503 esse,
978 1463 1034 1505 qui
1058 1464 1149 1495 omni
1172 1463 1280 1496 studio
1302 1467 1533 1505 pertractetur.

320 1578 373 1609 Ex
395 1577 500 1609 latinis
528 1578 742 1620 scriptoribus
773 1578 814 1611 de
845 1579 911 1610 hoc
938 1588 1062 1621 genere
1093 1577 1315 1620 copiosissime
1341 1575 1519 1618 disputavit
1542 1576 1601 1608 Ss-

231 1646 313 1668 tmcs
328 1636 431 1679 Epist.
445 1638 517 1677 88„
546 1647 747 1680 quamquam
769 1637 938 1679 aliquanto
954 1637 1096 1679 pressius
1109 1637 1294 1669 stoicorum
1310 1639 1529 1676 persequutus
1550 1638 1600 1664 est

229 1695 370 1736 vestigia.
410 1695 496 1726 Dicit
517 1695 617 1737 igitur
639 1706 671 1736 p.
696 1697 784 1729 540:
812 1694 935 1741 Quare
956 1692 1113 1726 liberalia
1134 1693 1252 1726 studia
1273 1692 1369 1724 dieta
1391 1691 1461 1724 sint
1485 1689 1593 1729 vides,

229 1750 309 1797 quia
324 1749 466 1783 homine
480 1750 590 1784 libero
602 1751 715 1796 digna
728 1757 820 1784 sunt.
839 1750 1000 1784 Ceterum
1015 1762 1123 1783 unum
1138 1750 1291 1783 studium
1308 1759 1393 1782 vere
1410 1746 1599 1780 liberale

227 1815 299 1850 est,
322 1808 418 1854 quod
424 1808 570 1841 liberum
576 1806 695 1853 fucit,
714 1808 784 1842 ltoe
794 1809 988 1853 sapientiae
999 1807 1162 1849 sublime,
1169 1805 1295 1853 forte,
1308 1805 1576 1851 magnanimum
1583 1815 1598 1847 ‚-

227 1871 348 1899 cetera
360 1865 489 1910 pusilla
508 1871 540 1898 et
556 1866 708 1910 puerilia
728 1871 819 1899 sunt.
840 1868 875 1900 P.
897 1868 980 1901 345:
1008 1865 1185 1912 Quattuor
1209 1865 1260 1897 ait
1278 1874 1358 1897 esse
1380 1862 1598 1896 Posidonius

225 1924 354 1957 artium
368 1935 516 1968 genera.
534 1922 625 1957 Sunt
646 1923 816 1967 vulgares
831 1929 867 1956 et
881 1923 1060 1964 sordidae,
1084 1928 1166 1955 sunt
1189 1921 1346 1954 ludicrae
1357 1945 1366 1961 ,
1383 1925 1466 1953 sunt
1480 1920 1599 1963 pueri-

224 1980 292 2022 les,
316 1987 399 2014 sunt
421 1980 590 2014 liberales.
635 1980 818 2026 Vulgares
841 1979 1026 2025 opzfieum,
1062 1990 1153 2024 quae
1175 1990 1283 2012 manu
1306 1983 1471 2012 constant
1495 1983 1529 2010 et
1552 1976 1602 2010 ad

1143 2037 1162 2065 2
