1833 2747
780 279 1013 310 -23-

212 373 247 404 in
270 372 463 404 universum
487 371 620 410 [Graec.
644 366 824 407 παιδείαν,
857 380 957 412 quum
990 381 1050 402 nos
1083 372 1219 403 dicirnus
1241 367 1586 414 wissensehaflliehe

211 428 373 474 Bildang
394 430 448 462 vel
470 429 659 472 simpliciter
680 426 858 471 deung)
882 426 1049 471 significat.
1104 429 1156 462 Sic
1180 430 1290 462 thnn.
1316 429 1357 461 de
1381 435 1462 463 orat.
1488 431 1520 471 1,
1544 441 1582 472 9:

210 493 390 520 oratorem
426 486 463 518 in
492 486 591 519 omni
624 495 761 529 genere
791 486 966 518 sermonis
998 492 1034 518 et
1067 486 1360 520 humanitatis
1386 498 1467 521 esse
1503 499 1580 532 per-

201 542 361 591 fectum.
388 546 448 577 16:
476 542 586 591 Quod
607 543 644 576 in
671 542 771 575 omni
786 552 923 588 genere
953 543 1146 584 sermonis,
1186 544 1223 577 in
1255 545 1353 578 omni
1374 550 1480 590 parte
1508 544 1582 577 hu-

210 603 447 637 manitatis
469 601 624 635 dixerim
655 607 836 634 oratorem
865 598 1072 646 perfeetum
1106 611 1186 634 esse
1207 602 1345 636 debere.
1391 605 1457 636 Pro
1479 605 1579 635 Arch.

210 663 297 704 poet.
327 672 367 692 1:
399 660 511 693 Artes
539 668 631 705 quae
654 657 705 691 ad
724 657 1045 691 humanitatem
1069 659 1255 703 pertinent.
1279 660 1319 692 al.
1366 660 1453 691 Hinc
1477 659 1579 702 inops

208 716 516 750 humanitatis
533 716 591 755 (de
604 716 696 748 Orat.
720 717 768 756 11,
795 718 864 753 ιο.)
888 721 938 748 est
955 716 1043 748 idem
1067 717 1124 758 qui
1145 718 1194 757 Π,
1225 727 1253 748 ι.
1278 716 1395 749 dicitur
1417 715 1579 748 eruditio-

207 774 264 809 nis
289 783 425 819 expers
446 778 553 819 atque
575 772 737 818 ignarus.
764 773 831 807 Sed
854 773 895 806 de
917 774 981 806 hoc
1004 784 1127 817 genere
1150 779 1219 807 toto
1243 774 1372 817 copiose
1387 774 1537 817 exposuit
1549 775 1579 806 J.

214 834 252 864 A.
276 834 419 864 Ennesn
450 832 485 863 in
518 831 646 863 Prolus.
673 829 719 863 de
732 827 875 873 finibus
895 829 1141 863 humaniorum
1164 831 1357 863 studiorum
1380 831 1553 874 regundis
1569 855 1577 870 ‚

209 901 237 922 a.
267 891 366 930 1738.
402 888 477 921 edit.
509 892 542 920 et
572 887 662 920 Clnv.
694 887 842 920 Ciceron.
873 888 906 920 h.
930 898 962 920 v.
998 887 1128 920 Addere
1158 888 1248 920 iuvat
1279 889 1317 920 Α.
1350 887 1449 920 Gau.
1482 888 1576 920 Noct.

206 948 300 979 Attio.
317 948 410 986 XIII,
439 946 497 978 15:
535 944 611 991 {hu
623 943 732 977 verba
755 943 865 976 latina
873 942 1053 988 fecerunt
1075 945 1199 988 qzu'que
1221 945 1264 976 iis
1278 944 1390 987 probe
1412 944 1471 976 usi
1485 950 1578 984 sunt,

209 1002 462 1036 humanitatem
485 1012 557 1035 non
580 1001 619 1034 id
638 999 752 1033 solum
782 1010 864 1033 esse
886 999 1091 1041 voluerunt,
1126 1000 1221 1045 quod
1251 999 1378 1044 volgus
1400 1000 1580 1034 existimat

210 1061 371 1107 quodque
394 1072 418 1094 a
441 1059 593 1093 Graecis
615 1057 875 1106 φιλανθρωπία
897 1057 1027 1092 dieitur
1055 1064 1091 1091 et
1120 1056 1303 1103 signffieat
1334 1057 1579 1092 dexten‘tatem

206 1118 384 1165 quandam
407 1117 753 1164 benevolentiamque
774 1128 869 1162 erga
890 1127 1014 1152 omnes
1036 1114 1196 1150 homines
1222 1116 1462 1161 promiscuam
1475 1142 1484 1159 ,
1516 1117 1583 1151 sed

209 1176 529 1210 humanitatem
555 1174 820 1220 appellav'enmt
842 1174 881 1208 id
908 1172 1184 1219 propemodum,
1215 1172 1311 1219 quod
1341 1172 1477 1208 Graeci
1494 1184 1578 1209 παι-

211 1231 305 1267 δείαν
330 1238 479 1275 vocant,
510 1243 578 1266 nos
600 1232 908 1266 eruditionem
933 1230 1351 1276 institutionemque
1373 1231 1411 1265 in
1438 1231 1578 1266 bonas

206 1296 331 1325 artes
353 1290 524 1332 dabimus,
560 1300 649 1336 quas
679 1290 743 1335 qui
770 1289 959 1323 sincen'ter
985 1288 1129 1333 cupiunt
1150 1293 1407 1333 appetantque,
1445 1289 1474 1322 ii
1492 1296 1575 1322 sunt
1604 1285 1608 1288 ’

204 1347 262 1381 vel
275 1347 433 1381 maoeime
447 1345 714 1389 humam‘ssmu}
738 1346 841 1380 huius
852 1347 946 1380 enim
967 1346 1136 1380 scientiae
1158 1356 1249 1378 eura
1269 1351 1304 1378 et
1322 1345 1507 1389 disezplina
1528 1357 1578 1380 ex

205 1406 380 1439 uniuersis
401 1405 638 1439 animantibus
660 1403 726 1437 uni
743 1402 879 1436 homini
896 1402 981 1437 data
1001 1409 1073 1445 est,
1096 1404 1299 1448 zeczrcoque
1320 1402 1576 1438 humanitas

203 1462 379 1508 appellata
401 1468 464 1496 est.
526 1463 575 1496 Cf.
599 1463 724 1496 Nomos
748 1462 854 1494 Mine.
878 1471 911 1504 p.
937 1462 991 1495 52.
1015 1461 1102 1505 Lips.

300 1693 353 1724 Ex
376 1692 425 1724 his
438 1715 447 1731 ‚
472 1701 555 1733 quae
579 1689 719 1722 tenuiter
743 1688 976 1732 disputavimus
989 1712 998 1730 ,
1029 1689 1094 1721 iam
1116 1689 1318 1732 intelligetis,
1344 1690 1438 1723 Cives
1461 1690 1573 1723 acade-

208 1748 284 1780 mici
306 1748 502 1779 ornatissimi
538 1750 630 1784 (nam
662 1745 705 1777 ad
727 1747 812 1784 Vos,
850 1745 1105 1785 commilitones,
1143 1746 1321 1778 maximam
1343 1753 1472 1789 partem
1494 1749 1574 1779 haec

210 1810 334 1848 spectat
357 1804 529 1846 scriptio),
554 1813 654 1846 quam
676 1808 805 1835 veteres
829 1803 1051 1835 humanissimi
1064 1826 1074 1844 ,
1100 1814 1242 1846 quorum
1259 1804 1433 1847 scriptores
1456 1805 1575 1839 iccirco

208 1862 357 1894 classicos
379 1870 551 1900 vocamus,
588 1871 702 1892 veram
724 1860 938 1892 iudicaverint
960 1860 1194 1893 eruditionem:
1226 1872 1294 1894 non
1328 1873 1400 1894 cam
1434 1863 1574 1903 scilicet,

210 1930 294 1963 quae
318 1919 437 1961 privati
460 1917 621 1950 commodi
645 1923 677 1950 et
701 1923 852 1961 quaestus
876 1928 974 1950 causa
996 1919 1054 1950 uni
1077 1924 1204 1951 tantum
1227 1920 1414 1963 disciplinae
1437 1922 1491 1953 vel
1515 1922 1576 1954 arti

211 1977 303 2020 quasi
326 1965 454 2008 addicta
477 1981 509 2008 et
528 1982 714 2008 consecrata
738 1982 838 2015 esset,
863 1986 930 2008 non
954 1987 1044 2016 eam,
1081 1987 1165 2018 quae
1194 1978 1295 2010 animi
1318 1983 1427 2020 partes
1459 1984 1577 2011 natura
