1833 2747
795 322 840 329 -·
891 318 927 339 11
977 324 1026 333 —

228 394 345 426 nostri
363 393 527 428 liberales
550 398 689 429 vocant.
737 394 844 429 Solae
865 402 984 429 autem
1012 396 1175 430 liberales
1197 404 1300 440 sunt,
1333 399 1460 436 immo,
1493 405 1532 432 ιιι
1552 394 1604 432 'di-

229 461 310 483 cam
335 451 470 493 ven'us,
496 452 645 495 liberae,
669 453 794 498 quibus
817 465 928 487 curae
951 454 1062 487 virtus
1088 462 1152 487 est.
1196 443 1200 446 ’

322 545 379 576 His
404 545 546 588 denique
569 548 694 578 artibus
718 559 743 580 s.
768 549 942 590 disciplinis
977 553 1133 590 quantum
1156 549 1382 580 auctoritatem
1407 559 1445 580 ac
1469 549 1539 580 vim
1564 550 1606 579 ad

228 602 397 633 hominem
426 603 642 635 erudiendum
674 610 773 647 atque
801 604 1033 646 expoliendum
1070 609 1198 636 veteres
1229 605 1455 646 attribuerint,
1488 616 1531 637 ex
1565 616 1604 637 eo

229 661 351 699 elucet,
375 661 465 702 quod
489 662 609 694 eximio
632 673 687 694 eas
709 661 936 694 humanitatis
971 662 1104 693 nomine
1140 669 1381 703 nuncuparunt.
1437 663 1605 693 Nimirum

230 717 316 746 enim
340 718 401 747 hae
425 723 517 756 sunt,
543 728 627 759 quae
650 719 836 758 hominem,
860 724 897 750 ut
920 719 965 754 ita
988 718 1111 757 dicam,
1135 718 1303 748 hominem
1324 718 1489 757 reddunt,
1514 719 1546 748 h.
1564 729 1604 756 e.‚

232 784 316 815 quae
339 774 507 813 animum,
540 780 685 806 mentem
708 786 883 818 moresque
907 781 1039 808 nostros
1063 775 1108 806 ita
1132 774 1301 815 expoliunt
1317 797 1327 813 ,
1359 779 1396 806 ut
1420 774 1514 815 quasi
1538 785 1606 805 ma·

230 830 280 871 gis
301 830 448 861 homines
466 831 666 871 exsistamus,
692 836 724 863 et
746 842 813 863 non
830 842 968 873 corpore
992 833 1115 871 solum,
1138 832 1195 863 sed
1218 831 1329 862 animo
1348 831 1447 862 simus
1470 835 1604 869 erecto,

229 887 249 918 i.
275 896 302 918 e.
316 910 325 927 ,
350 886 392 917 ad
415 896 542 932 sutnma
566 892 599 919 et
620 888 853 930 perfectissima
875 894 908 921 et
931 888 1131 921 divinissima
1153 898 1304 930 quaeque
1330 888 1463 920 directo.
1512 890 1603 919 Deus

231 944 317 975 enim
349 944 520 983 homines,
560 950 597 976 ut
630 947 763 987 egregie
794 947 918 977 Ciceno
949 945 1083 986 exponit
1107 945 1164 982 (de
1193 950 1300 976 natur.
1325 947 1426 976 Deor.
1453 947 1490 985 Π,
1517 945 1604 984 56.),

229 998 336 1032 humo
365 1000 558 1041 excitatos,
591 1000 705 1033 cels-os
730 1006 764 1034 et
787 1006 927 1034 erectos
960 1000 1155 1042 consenuit,
1193 1006 1232 1033 ut
1257 1000 1605 1046 deorum-cognitio·

229 1067 328 1098 nem,
357 1056 494 1090 caelum
522 1058 713 1099 intuentes,
739 1069 868 1102 capere
887 1064 1044 1103 possent.
1081 1057 1184 1091 -Sunt
1206 1059 1299 1091 enim
1320 1070 1341 1091 e
1363 1064 1462 1092 terra
1478 1056 1511 1096 ’ἢ
1537 1058 1602 1090 ho-

388 1194 461 1221 tinet
479 1195 526 1221 vel
546 1194 649 1232 cuique
671 1195 806 1233 obtingit3
826 1195 929 1223 iccirco
951 1193 1118 1233 ἐγκύκλιον
1138 1196 1168 1222 in
1190 1205 1223 1223 eo
1245 1203 1358 1232 quoque
1379 1193 1501 1227 dicitur,
1525 1194 1604 1230 quod

392 1243 526 1272 omnibus
559 1254 714 1274 commune
745 1251 803 1281 est,
835 1246 912 1284 quod
938 1245 1071 1274 omnibus
1097 1249 1196 1282 patet,
1232 1249 1260 1272 et
1279 1244 1310 1271 in
1332 1243 1504 1271 universum
1526 1243 1605 1280 quod

387 1304 543 1322 commune
564 1300 593 1323 et
611 1296 731 1333 vulgare
752 1302 806 1324 est.
846 1297 893 1324 Sic
914 1295 1018 1323 Graeci
1044 1295 1142 1322 dicunt
1171 1293 1332 1331 ἐγκύκλιοι
1361 1292 1557 1330 λειτουργίαι
1578 1298 1607 1320 et

387 1340 494 1380 ἄρχαί
511 1344 592 1378 (va.
613 1345 644 1377 1,
677 1355 719 1379 ¹7·
741 1344 775 1372 de
794 1344 936 1381 imperio:
958 1353 994 1371 ac
1014 1352 1066 1382 per
1085 1352 1181 1370 omnes
1202 1342 1231 1369 in
1251 1342 1350 1369 orbem
1370 1340 1438 1369 Ibat.
1458 1342 1526 1376 111,
1550 1343 1603 1372 56:

383 1392 492 1420 ut—hoc
506 1393 616 1432 insigne
634 1393 748 1432 regium
760 1393 791 1421 in
804 1392 901 1421 orbem
913 1403 1000 1422 suam
1011 1393 1143 1431 cuiusque
1161 1392 1252 1419 vicem
1271 1401 1322 1430 per
1336 1401 1433 1420 omnes
1451 1392 1520 1426 iret;
1541 1391 1604 1427 al.)-

388 1443 600 1480 Exemplorum
620 1444 746 1479 molem,
779 1451 900 1480 eamque
928 1448 1111 1480 congestam,
1142 1452 1201 1469 non
1228 1442 1370 1479 digestam
1384 1462 1393 1475 ,
1424 1441 1553 1477 reperies
1573 1441 1605 1468 in

391 1493 533 1521 Sum-um.
564 1493 707 1521 Thesaur.
728 1502 772 1531 gr.
794 1493 865 1530 ling.
905 1493 1030 1520 Londin,
1066 1492 1101 1519 P.
1121 1492 1213 1518 XVII.
1235 1500 1265 1527 p.
1288 1494 1372 1525 5457·
1392 1490 1429 1517 Β.
1450 1489 1496 1517 ef.
1518 1490 1605 1517 etiam

390 1543 518 1570 Anum
538 1543 574 1570 ad
593 1542 720 1578 Hesych.
755 1543 792 1569 T.
813 1542 836 1569 Ι.
857 1551 886 1578 p.
911 1547 992 1575 ¹074.
1028 1541 1104 1569 Hinc
1124 1538 1273 1578 ἐγκύκλια
1291 1537 1468 1576 μαθήματα
1488 1548 1512 1566 s.
1532 1548 1603 1566 παι-

390 1588 527 1625 δεύματα
554 1597 622 1620 sunt
647 1592 814 1629 disciplinae
834 1591 969 1618 omnibus
1002 1599 1171 1618 communes
1199 1591 1287 1626 (quae
1307 1597 1476 1616 communes
1495 1588 1605 1615 litterae

389 1642 524 1671 dicuntur
543 1652 560 1670 a
581 1641 720 1671 Cicerone
748 1642 783 1670 de
810 1646 881 1669 orat.
899 1641 946 1675 ΙΙ,
983 1642 1066 1676 17.)‚
1097 1640 1128 1668 h.
1150 1649 1194 1674 e.‚
1223 1639 1408 1676 disciplinae,
1442 1639 1474 1666 in
1501 1639 1605 1675 quibus

390 1694 510 1731 quisque
541 1701 660 1731 operam
689 1691 874 1729 studiumque
898 1690 1002 1728 ponit,
1034 1689 1086 1727 qui
1112 1698 1143 1717 se
1162 1689 1287 1716 liberum
1309 1693 1337 1716 et
1358 1688 1505 1716 eruditum
1527 1687 1607 1725 cupit

385 1743 500 1781 putari,
533 1752 605 1781 quas
631 1753 684 1771 nos
714 1742 837 1771 dicimus
867 1740 913 1769 die
941 1739 1131 1780 allgemeinen
1149 1737 1543 1778 Bildungswissenschasten',
1578 1745 1607 1767 et

391 1792 651 1831 ἔγκυκλοπαιδεία
673 1795 764 1830 (quae
782 1803 841 1820 vox
861 1792 939 1828 apud
954 1796 1076 1823 veteres,
1097 1794 1130 1816 ut
1148 1794 1235 1825 patet,
1256 1789 1344 1816 aliam
1363 1788 1603 1825 significationem

387 1843 497 1878 habuit,
519 1853 614 1881 quam,
636 1843 712 1881 quod
730 1842 816 1871 hodie
830 1837 1291 1878 usurpamus‚Encyhopaedie)‚
1313 1837 1340 1866 ei
1357 1835 1417 1865 fere
1436 1836 1602 1874 respondet,

391 1895 469 1931 quod
488 1895 593 1923 nostris
613 1899 734 1922 vocatur
761 1893 813 1921 der·
833 1891 1002 1930 allgemeine
1024 1901 1046 1918 s.
1066 1889 1286 1929 philosophische
1307 1890 1421 1918 Cursus.

314 1957 343 1988 ·)
383 1955 470 1983 Varia
489 1959 635 1982 tentarunt
654 1956 715 1983 VV.
735 1955 823 1989 DD.‚
844 1959 877 1982 ut
898 1954 996 1981 locum
1016 1953 1093 1980 male
1113 1951 1248 1980 affectum
1267 1953 1402 1977 sanarent
1422 1949 1465 1982 (ν.
1487 1949 1605 1976 Mosen.

390 2014 421 2042 p.
436 2010 492 2039 444
512 2006 575 2043 sq),
597 2005 647 2034 sed
666 2004 798 2033 nondum
817 2003 889 2032 mihi
908 2003 1023 2033 videtur
1038 2007 1209 2041 persanatus
1229 2009 1303 2030 esse.
1329 1998 1476 2037 Equidem
1496 2009 1511 2027 e
1530 2003 1607 2027 terra

1127 2055 1147 2082 2
1166 2053 1184 2072 a
