1833 2747
195 364 438 399 instruendam
469 363 576 396 vitam
601 367 799 406 occupatae
821 368 925 402 sunt,
965 362 1009 394 in
1031 362 1190 406 quibus
1213 363 1338 396 nulla
1359 363 1547 397 decoris
1563 389 1572 405 ,

196 422 323 457 nulla
345 419 529 454 honesti
546 418 786 452 simulatio
806 424 873 452 est.
921 417 1105 452 Ludicrae
1135 425 1235 460 sunt,
1271 431 1363 465 quae
1385 420 1435 453 ad
1455 420 1573 464 volup—

195 485 303 512 tatem
327 476 510 510 oculorum
533 480 639 520 atque
661 474 801 509 aurium
830 475 986 507 tendunt.
1008 473 1042 513 *J
1089 476 1250 509 Pueriles
1272 483 1357 509 sune
1385 483 1421 510 et
1443 477 1577 523 αἰὶᾳιιῐᾰ

195 535 362 570 habente-5·
384 531 589 588 liberalibus
611 532 724 568 simi&
746 532 815 567 lure
844 539 959 574 artes,
989 544 1079 578 quae
1109 532 1309 579 ἐγκυκλίους
1339 531 1390 572 *ἦ
1422 533 1574 574 Graeci,

271 687 303 720 ')

262 1283 305 1317 ”)

342 685 389 712 En
416 683 549 718 Stoicus,
588 681 639 719 qui
665 681 697 709 in
724 682 800 710 seria
832 682 947 710 virtutis
974 682 1069 711 forma
1101 688 1130 711 et
1149 684 1215 722 lege
1235 689 1366 712 mentem
1386 684 1479 722 figens
1499 684 1571 712 libe-

346 741 409 760 ram
430 737 459 760 et
477 740 633 760 amoenam
664 731 726 759 eius
745 731 853 766 vitam,
883 731 976 769 qualis
1003 732 1034 760 in
1054 732 1177 769 pulchro
1197 733 1325 770 artisque
1346 730 1482 770 operibus
1504 742 1571 760 con-

350 781 479 819 spicitur,
500 780 588 818 plane
598 780 728 819 ignorat!
750 780 855 809 Graeci
876 786 976 810 contra
998 787 1026 811 et
1044 788 1138 811 aetate
1159 787 1188 811 et
1206 781 1388 811 humanitate
1407 782 1573 820 superiores

345 830 456 859 bonum
476 839 544 858 cum
562 829 686 867 pulchro
705 830 777 858 adeo
797 830 999 867 sociaverunt,
1031 836 1065 860 ut
1089 837 1249 870 utrumque
1269 841 1329 860 una
1347 831 1409 860 fere
1430 832 1573 869 complec·
1592 869 1594 871 Ι

345 885 476 909 terentur
505 879 775 918 comprehensione.
816 879 893 908 Hinc
912 880 1003 916 illud,
1031 881 1111 919 quod
1130 881 1293 911 Atticorum
1322 881 1474 920 proprium
1498 886 1573 916 erat,

344 928 449 959 καλὸν
481 927 631 968 κάγαθὸν
654 940 677 959 s.
697 929 802 960 καλὸν
821 928 877 958 καὶ
896 928 1024 969 ἀγαθόν
1044 933 1100 967 (de
1120 931 1216 961 forma
1236 932 1315 960 enim
1340 928 1575 970 καλοκάγαθον

342 985 421 1008 recte
450 980 523 1008 mihi
542 980 657 1008 videtur
677 981 862 1015 Loncium-1,
890 981 937 1009 vir
963 980 1149 1009 doctissimus
1166 1003 1174 1017 ,
1207 981 1245 1010 nd
1272 980 1428 1018 Phrynich.
1458 990 1486 1018 p.
1507 982 1574 1011 605.

344 1029 537 1066 addubitare).
575 1029 619 1059 Cf.
639 1031 734 1059 Donv.
755 1030 792 1059 ad
813 1030 922 1060 Charit.
950 1041 981 1069 p.
1004 1038 1050 1063 23.
1072 1033 1163 1061 Amst.
1185 1032 1261 1061 Cum
1281 1031 1336 1068 iis,
1367 1041 1441 1070 quae
1463 1032 1574 1060 Seneca

340 1080 427 1108 tradit
447 1080 482 1107 de
499 1080 611 1108 artibus
624 1102 632 1115 ,
655 1089 726 1118 quas
748 1080 831 1116 dicit,
852 1082 988 1117 ludicris,
1009 1087 1058 1117 tu,
1081 1091 1190 1120 quaeso
1205 1103 1213 1116 ,
1238 1082 1330 1110 lector
1349 1081 1572 1115 humanissime,

349 1139 492 1167 compara,
516 1132 796 1167 quaemus-rorans
816 1132 836 1160 1.
856 1131 876 1160 1.
897 1132 932 1160 de
952 1131 1064 1160 musica
1084 1137 1113 1161 et
1131 1137 1193 1160 arte
1212 1130 1352 1170 pingendi
1377 1130 1492 1169 egregie
1513 1130 1572 1159 dis-

345 1181 466 1218 putavit.
507 1181 589 1208 Adde
615 1182 649 1209 F.
670 1182 703 1209 A.
723 1183 831 1210 Wou.
858 1182 890 1209 in
917 1182 1012 1216 libro,
1045 1183 1096 1219 qui
1120 1182 1289 1210 inscribitur
1304 1192 1312 1208 ε
1352 1182 1496 1210 Museum
1523 1181 1574 1209 der

349 1230 607 1259 Altenhumswiss.
640 1231 672 1260 P.
695 1232 717 1260 1.
739 1232 820 1260 Fase.
841 1231 864 1260 Ι.
884 1240 913 1269 p.
935 1233 971 1267 67
993 1241 1034 1270 sq.
1057 1236 1094 1264 80
1114 1241 1159 1270 sq.

345 1283 421 1310 Fuse
443 1283 477 1310 de
497 1282 542 1309 his
563 1281 722 1318 disputavit
740 1282 874 1310 Wowen.
897 1282 932 1310 de
952 1282 1113 1319 polymath.
1134 1291 1157 1310 c.
1180 1286 1225 1315 24.
1247 1280 1297 1316 (εἰ
1314 1280 1403 1310 etiam
1420 1282 1457 1309 Η.
1467 1282 1573 1310 Vnus.

343 1331 379 1358 ad
398 1331 505 1359 Euseb.
525 1331 592 1358 hist.
615 1331 717 1358 eccles.
735 1331 790 1365 VI,
817 1340 842 1359 2.
863 1340 891 1367 p.
926 1334 1013 1366 224),
1040 1331 1091 1369 qui
1109 1336 1209 1360 tamen
1231 1339 1298 1358 cum
1317 1330 1381 1358 aliis
1402 1329 1433 1357 in
1451 1329 1521 1364 hoc⁷
1542 1330 1574 1356 ni

346 1380 493 1415 fiallimur,
514 1381 637 1415 erravit,
665 1381 744 1418 quod
764 1386 877 1409 veteres
898 1381 996 1418 posuit
1015 1381 1166 1410 doctrinae
1186 1379 1285 1409 orbem
1305 1379 1505 1413 constituisse,
1524 1390 1572 1407 ve-

349 1430 402 1458 luti
428 1430 586 1470 perfectum
607 1431 755 1470 quendam
774 1431 908 1459 scientiae
928 1430 1063 1467 cinnum,
1090 1441 1127 1459 ex
1145 1430 1262 1460 diversis
1292 1433 1394 1467 aptum
1422 1433 1447 1457 et
1467 1433 1572 1467 tempe-

347 1484 454 1508 ratum.
496 1481 683 1518 Quamquam
701 1483 867 1509 Vx-rnuvxus
888 1489 1003 1517 quoque
1025 1485 1054 1508 et
1074 1480 1291 1518 qumxumus
1312 1479 1434 1508 eandem
1455 1479 1486 1506 in
1506 1488 1572 1515 par-

345 1536 406 1558 tem
429 1531 608 1558 Graecorum
630 1529 798 1569 ἔγκύκλιον
818 1526 961 1559 παιδείαν
980 1535 1164 1567 acceperunt.
1205 1531 1254 1559 Sic
1275 1529 1354 1558 enim
1376 1529 1453 1566 apud
1473 1529 1571 1557 Vitru-

343 1579 425 1607 vium
446 1585 489 1608 est
508 1580 565 1615 (de
588 1582 735 1610 architect.
764 1583 793 1615 Ι,
827 1591 852 1609 ι.
873 1582 898 1614 §⁴
924 1582 992 1616 12):
1031 1580 1187 1617 Encyclios
1207 1579 1378 1619 disciplina,
1408 1579 1450 1607 uti
1471 1589 1573 1618 corpus

348 1641 455 1666 unum,
484 1641 520 1660 ex
546 1630 588 1660 his
614 1630 749 1660 membris
775 1635 816 1660 est
842 1630 1007 1670 composita.
1048 1629 1143 1660 Praef.
1165 1630 1212 1659 ad.
1231 1630 1298 1659 libr.
1319 1631 1369 1660 VI.
1390 1631 1419 1664 ᾧ.
1440 1635 1473 1665 4:
1496 1630 1573 1669 quod

341 1681 555 1711 Atheniensium
587 1682 681 1720 legem
706 1680 860 1721 probantes
888 1690 934 1708 me
962 1684 1025 1708 arte
1045 1680 1235 1717 erudiendum
1262 1684 1437 1708 curaverunt
1467 1685 1493 1708 et
1520 1690 1572 1716 ea,

343 1742 418 1771 quae
448 1743 506 1762 non
534 1737 623 1773 potest
651 1742 707 1761 esse
733 1730 859 1772 probata
885 1731 945 1760 sine
975 1731 1140 1761 litteratura
1167 1730 1350 1771 encyclioque
1369 1731 1571 1761 doctrinarum

344 1783 475 1811 omnium
509 1784 668 1822 disciplina.
721 1784 861 1811 Similiter
889 1784 1107 1821 Qum-rannus
1135 1783 1227 1812 Instit.
1243 1802 1245 1804 -
1259 1791 1330 1813 orat.
1351 1787 1382 1818 Ι,
1416 1796 1460 1813 ιο.
1492 1787 1518 1817 §.
1545 1795 1574 1812 1:

342 1836 373 1858 ut
393 1830 533 1870 efficiatur
554 1832 628 1861 orbis
648 1832 694 1861 ille
713 1832 870 1869 doctrinae,
892 1843 983 1873 quam
1006 1832 1112 1862 Graeci
1133 1829 1329 1872 ἔγκὺκλιο
1341 1844 1360 1863 ν
1377 1829 1571 1863 παιδείαν

342 1887 457 1911 vocant.
478 1883 598 1913 Etenim
611 1881 784 1923 ἐγκύκλιον
807 1887 839 1920 (ει
854 1896 884 1914 v.
904 1883 1021 1917 κύκλος
1040 1886 1174 1921 ductum)
1194 1896 1254 1914 non
1275 1886 1371 1914 solum
1393 1891 1437 1913 est
1457 1884 1569 1912 orbicu-

341 1932 434 1959 latum
449 1954 456 1966 ‚
490 1934 541 1962 sed
562 1935 649 1962 etiam
675 1934 706 1962 id
726 1934 868 1972 significat
883 1955 891 1969 ‚
924 1936 1001 1972 quod
1021 1935 1053 1962 in
1073 1935 1174 1963 orbem
1194 1935 1217 1963 it
1237 1935 1284 1969 (in
1304 1943 1438 1963 sermone
1460 1934 1570 1970 patrio:

345 1990 403 2011 was
423 1982 455 2010 in
480 1983 531 2012 der
552 1984 644 2013 Reihe
664 1983 854 2023 herumgeht)
868 1984 886 2019 ς’
904 1984 963 2013 iam
994 1984 1072 2023 quod
1090 1984 1114 2013 it
1133 1984 1164 2012 in
1185 1984 1303 2019 orbem,
1326 1983 1363 2012 ad
1382 1993 1484 2012 omnes
1504 1973 1569 2021 per-
