1833 2747
797 310 924 341 -.6
984 324 1027 331 -.

218 398 400 441 Socrate,
439 409 485 432 ne
513 408 686 442 magnum
710 397 847 443 quidem
877 401 1004 442 regem
1032 404 1068 432 te
1089 399 1186 433 sch-e
1220 397 1318 432 dices
1345 396 1486 431 beatum
1510 407 1600 431 esse.

227 456 287 491 So.
334 457 384 490 Ec
415 467 501 489 vera
529 456 667 501 quidem
697 456 814 489 dicam
824 468 839 499 ,-
872 456 970 489 haud
990 456 1083 490 enim
1107 457 1184 489 seio
1207 465 1277 501 quo
1299 455 1347 490 sit
1370 455 1483 487 animi
1503 454 1600 487 culm

226 519 265 555 (s.
291 527 356 558 qua
378 515 418 547 sit
441 515 640 553 eruditione)
664 519 700 547 et
723 524 793 560 qua
811 514 950 547 iustitia.
977 515 1055 550 485.
1087 516 1134 547 A:
1159 512 1377 558 φιλοσοφίας
1403 511 1484 555 μέν,
1511 513 1600 547 ὅσον

223 570 424 613 παιδείας
449 570 579 620 χάριν,
603 572 719 605 καλὸν
739 570 913 615 μετέχειν.
935 571 1180 617 philosophiae
1200 572 1339 619 quidem
1346 597 1356 615 ‚
1381 572 1501 619 quoad
1520 583 1598 607 eru-

223 631 345 663 ditioni
363 631 486 670 servit,
507 629 696 673 pulchrum
720 631 930 673 participem
954 629 1043 662 esse.
1068 633 1109 663 al.

315 735 449 778 Triplex
477 741 589 768 autem
617 734 723 768 verbo
746 731 888 767 παιδεία
911 734 1059 769 subiecta
1087 735 1181 769 notio
1206 742 1270 777 est,
1303 746 1346 768 ex
1370 746 1435 779 qua
1458 736 1599 779 propria

220 794 342 825 artium
364 794 550 825 liberalium
573 794 621 826 vis
646 805 684 825 ac
707 799 825 826 natura
849 795 963 827 elucet.
1023 796 1096 826 Una
1130 800 1179 827 est
1208 794 1301 826 notio
1333 794 1402 825 eius
1427 794 1518 837 quod
1542 804 1598 835 ge·

221 852 331 884 nerale
355 857 387 884 et
410 852 594 884 universale
621 852 760 893 dicitur,
791 853 895 885 altem
918 852 986 884 eius
1012 852 1101 895 quod
1127 858 1159 884 et
1187 857 1316 884 veteres
1341 857 1373 884 et
1396 851 1597 884 recentiores

221 911 405 941 absolutum
428 917 606 953 usurpant,
641 911 737 942 tertia
761 916 809 942 est
844 911 933 942 notio
957 911 1037 942 boni
1062 916 1094 942 et
1117 911 1257 942 honesti.
1307 911 1513 941 Graecorum
1536 910 1596 951 igi-

222 973 276 998 tur
299 963 439 998 παιδεία

316 1073 350 1107 1)
376 1070 527 1102 omnibus
552 1070 727 1114 disciplinis
752 1078 785 1104 et
807 1072 931 1104 artibus
956 1073 1163 1112 continetur,
1189 1081 1274 1113 quae
1298 1070 1341 1103 ad
1361 1070 1504 1103 hominis
1530 1070 1596 1103 cul-

221 1134 292 1159 tum
316 1134 348 1160 et
366 1130 583 1160 eruditionem
607 1135 769 1171 spectant,
794 1130 913 1171 quibus
935 1130 1051 1162 iccirco
1071 1130 1299 1173 unusquisque
1319 1130 1500 1172 perpolitus
1526 1138 1596 1160 esse

222 1186 337 1227 dehet,
372 1189 427 1229 qui
451 1198 485 1218 se
510 1194 542 1219 ct
567 1198 635 1219 esse
660 1194 692 1219 et
714 1188 830 1219 haberi
853 1189 921 1219 volt
944 1189 1137 1220 humanum.
1185 1190 1293 1231 Atque
1317 1191 1381 1220 hae
1404 1195 1479 1221 sunt
1503 1189 1596 1220 disci-

220 1245 349 1285 plinae,
384 1255 464 1286 quas
498 1246 532 1275 in
567 1247 681 1286 lingua
722 1246 828 1287 patria
868 1256 1023 1277 vocamus
1055 1245 1111 1277 die
1140 1247 1261 1279 reinen
1303 1258 1327 1279 s.
1356 1247 1593 1291 allgemeinen

222 1298 545 1345 JWssenselmsten.

316 1407 352 1442 2)
379 1406 533 1436 omnibus
558 1405 681 1436 artibus
706 1411 738 1437 et
762 1406 932 1446 doctrinis,
958 1417 1099 1448 quarum
1122 1408 1195 1439 finis
1219 1413 1267 1439 est
1291 1409 1473 1449 absolutus,
1498 1411 1530 1440 h.
1556 1419 1596 1449 e.‚

221 1471 306 1502 quae
330 1468 469 1503 propter
491 1472 543 1501 se,
567 1473 636 1493 non
661 1463 823 1495 commodi
847 1464 980 1495 alicuius
1003 1465 1056 1495 vel
1080 1465 1223 1503 utilitatis
1248 1471 1280 1497 et
1304 1472 1457 1507 quaestus
1481 1476 1596 1506 causa,

218 1523 422 1559 tractantur,
458 1524 490 1550 et
513 1519 547 1549 in
572 1520 692 1561 quibus
709 1521 919 1552 humanitatis
944 1531 1056 1561 causa,
1082 1521 1138 1563 qui
1162 1522 1233 1553 finis
1258 1527 1306 1554 est
1328 1523 1515 1564 bonorum,
1540 1534 1595 1554 ex-

218 1587 380 1607 ercemur.
420 1578 509 1620 Quas
534 1577 667 1619 quidem
692 1589 751 1610 nos
774 1589 928 1611 vocamus
952 1577 1007 1610 die
1023 1575 1151 1621 srez’en
1176 1577 1314 1610 Hi'mste
1342 1578 1416 1610 und
1436 1578 1594 1611 lVllssen-

218 1627 402 1678 sebasten.
429 1631 463 1671 ²²)

312 1730 350 1763 3)
389 1727 428 1757 iis
461 1727 587 1758 artibus
619 1733 651 1758 et
681 1728 854 1769 disciplinis
871 1751 881 1768 ,
923 1739 1007 1770 quae
1031 1738 1098 1759 non
1133 1729 1279 1759 animum
1304 1735 1335 1760 et
1359 1729 1520 1760 rationem
1544 1739 1593 1761 so·

218 1787 286 1817 lum
311 1785 486 1824 excolunt,
521 1785 580 1816 sed
609 1785 707 1817 etiam
729 1786 811 1817 boni
846 1791 877 1817 et
900 1786 1029 1818 honesti
1061 1791 1093 1817 et
1115 1786 1244 1826 pulchri
1266 1796 1397 1818 sensum
1428 1787 1593 1826 excitant,

297 1920 330 1955 ⁴¹)
369 1918 457 1947 Varia
473 1918 594 1946 nomina
609 1918 664 1946 hae
686 1923 761 1946 artes
779 1919 856 1956 apud
873 1923 986 1946 veteres
1002 1917 1187 1953 invenerunt,
1209 1918 1244 1946 de
1258 1918 1363 1956 quibus
1380 1917 1438 1945 vid.
1454 1918 1587 1946 VVowtn.

374 1969 409 1996 de
426 1969 587 2006 polymath.
616 1978 639 1996 c.
660 1970 713 1996 ΙΙΙ.
733 1978 762 2005 p.
778 1975 814 1998 23
836 1978 876 2005 sq.
898 1970 1026 1996 Nonus.
1047 1968 1084 1995 ad
1103 1968 1152 1995 vit.
1164 1967 1279 1995 An‘stot.
1299 1976 1328 2003 p·
1346 1971 1378 1997 81
1403 1977 1444 2004 sq.
1466 1968 1588 1996 Saxas.

375 2018 411 2045 ad
431 2018 535 2055 Simpl.
556 2029 585 2055 p.
608 2027 673 2055 240.
693 2020 729 2047 al.
